% Encoding: UTF-8
@ARTICLE{Baty2003,
  author = {{Baty}, H. and {Keppens}, R. and {Comte}, P.},
  title = {{The two-dimensional magnetohydrodynamic Kelvin-Helmholtz instability:
	Compressibility and large-scale coalescence effects}},
  journal = {Physics of Plasmas},
  year = {2003},
  volume = {10},
  pages = {4661-4674},
  month = Dec,
  adsnote = {Provided by the SAO/NASA Astrophysics Data System},
  adsurl = {http://adsabs.harvard.edu/abs/2003PhPl...10.4661B},
  doi = {10.1063/1.1624076},
  eprint = {arXiv:astro-ph/0403125},
  keywords = {Macroinstabilities, Magnetohydrodynamic and fluid equation, Plasma
	dynamics and flow, Magnetohydrodynamics and plasmas}
}

@INPROCEEDINGS{Bihan2009,
  author = {{Bihan}, Stï¿½phane and {Abdelkhalek}, Rached and {Calandra}, Henri
	and {Dolbeau}, Romain and {Moulard}, Georges-Emmanuel},
  title = {Directive-Based Heterogeneous Programming a {GPU}-Accelerated {RTM}
	Use Case},
  booktitle = {Proceedings of the 7th International Conference on Computing, Communications
	and Control Technologies: CCCT 2009},
  year = {2009},
  owner = {mike},
  timestamp = {2012.05.14}
}

@ARTICLE{BrioWu1988,
  author = {{Brio}, M. and {Wu}, C.~C.},
  title = {{An upwind differencing scheme for the equations of ideal magnetohydrodynamics}},
  journal = {Journal of Computational Physics},
  year = {1988},
  volume = {75},
  pages = {400-422},
  month = Apr,
  adsnote = {Provided by the SAO/NASA Astrophysics Data System},
  adsurl = {http://adsabs.harvard.edu/abs/1988JCoPh..75..400B},
  doi = {10.1016/0021-9991(88)90120-9},
  keywords = {CAUCHY PROBLEM, DIFFERENCE EQUATIONS, MAGNETOHYDRODYNAMIC WAVES, EIGENVALUES,
	FLOATING POINT ARITHMETIC, HYPERBOLIC DIFFERENTIAL EQUATIONS, JACOBI
	MATRIX METHOD}
}

@ARTICLE{Caunt2001,
  author = {{Caunt}, S.~E. and {Korpi}, M.~J.},
  title = {A {3D} {MHD} model of astrophysical flows: Algorithms, tests and
	parallelisation},
  journal = {\aap},
  year = {2001},
  volume = {369},
  pages = {706-728},
  month = Apr,
  adsnote = {Provided by the SAO/NASA Astrophysics Data System},
  adsurl = {http://adsabs.harvard.edu/abs/2001A%26A...369..706C},
  doi = {10.1051/0004-6361:20010157},
  eprint = {arXiv:astro-ph/0102068},
  keywords = {MAGNETOHYDRODYNAMICS, TURBULENCE, SHOCK WAVES, METHODS: NUMERICAL,
	GALAXIES: ISM, ACCRETION, ACCRETION DISKS}
}

@BOOK{Cook2012,
  title = {{CUDA} Programming: A Developer's Guide to Parallel Computing with
	{GPU}s (Applications of {GPU} Computing Series)},
  publisher = {Morgan Kaufmann},
  year = {2012},
  author = {Cook, S},
  owner = {mike},
  timestamp = {2013.02.27}
}

@BOOK{Farber2011,
  title = {{CUDA} Application Design and Development},
  publisher = {Morgan Kaufmann},
  year = {2011},
  author = {Farber, R},
  owner = {mike},
  timestamp = {2013.02.27}
}


@ARTICLE{Fedun2009,
   author = {{Fedun}, V. and {Erd{\'e}lyi}, R. and {Shelyag}, S.},
    title = "{Oscillatory Response of the 3D Solar Atmosphere to the Leakage of Photospheric Motion}",
  journal = {\solphys},
 keywords = {Magnetic flux tube, MHD waves, Solar atmosphere},
     year = 2009,
    month = sep,
   volume = 258,
    pages = {219-241},
      doi = {10.1007/s11207-009-9407-9},
   adsurl = {http://adsabs.harvard.edu/abs/2009SoPh..258..219F},
  adsnote = {Provided by the SAO/NASA Astrophysics Data System}
}

@ARTICLE{Fedun2011a,
  author = {Fedun, V. and Shelyag, S. and Verth, G. and Mathioudakis, M. and
	Erd\'elyi, R.},
  title = {{MHD} waves generated by high-frequency photospheric vortex motions},
  journal = {Annales Geophysicae},
  year = {2011},
  volume = {29},
  pages = {1029--1035},
  number = {6},
  doi = {10.5194/angeo-29-1029-2011},
  url = {http://www.ann-geophys.net/29/1029/2011/}
}

@ARTICLE{Fedun2011c,
  author = {{Fedun}, V. and {Erd{\'e}lyi}, R. and {Shelyag}, S.},
  title = {{Oscillatory Response of the 3D Solar Atmosphere to the Leakage of
	Photospheric Motion}},
  journal = {\solphys},
  year = {2009},
  volume = {258},
  pages = {219-241},
  month = Sep,
  adsnote = {Provided by the SAO/NASA Astrophysics Data System},
  adsurl = {http://adsabs.harvard.edu/abs/2009SoPh..258..219F},
  doi = {10.1007/s11207-009-9407-9},
  keywords = {Magnetic flux tube, MHD waves, Solar atmosphere}
}

@ARTICLE{Fedun2011b,
  author = {{Fedun}, V. and {Shelyag}, S. and {Erd{\'e}lyi}, R.},
  title = {{Numerical Modeling of Footpoint-driven Magneto-acoustic Wave Propagation
	in a Localized Solar Flux Tube}},
  journal = {\apj},
  year = {2011},
  volume = {727},
  pages = {17},
  month = Jan,
  eid = {17},
  adsnote = {Provided by the SAO/NASA Astrophysics Data System},
  adsurl = {http://adsabs.harvard.edu/abs/2011ApJ...727...17F},
  doi = {10.1088/0004-637X/727/1/17},
  keywords = {magnetohydrodynamics: MHD, shock waves, Sun: atmosphere, Sun: oscillations}
}

@Article{Fedun2011,
  author   = {{Fedun}, V. and {Verth}, G. and {Jess}, D.~B. and {Erd{\'e}lyi}, R.},
  title    = {{Frequency Filtering of Torsional Alfv{\'e}n Waves by Chromospheric Magnetic Field}},
  journal  = {\apjl},
  year     = {2011},
  volume   = {740},
  eid      = {L46},
  month    = Oct,
  pages    = {L46},
  doi      = {10.1088/2041-8205/740/2/L46},
  adsnote  = {Provided by the SAO/NASA Astrophysics Data System},
  adsurl   = {http://adsabs.harvard.edu/abs/2011ApJ...740L..46F},
  keywords = {magnetic fields, magnetohydrodynamics: MHD, Sun: atmosphere, Sun: chromosphere, Sun: photosphere},
}

@ELECTRONIC{Govett2009,
  author = {{Govett},M},
  year = {2009},
  title = {The Fortran-to-{CUDA} compiler},
  organization = {National Oceanic and Atmospheric Administration},
  url = {http://www.esrl.noaa.gov/gsd/ab/ac/F2C-ACC.html},
  owner = {mike},
  timestamp = {2012.05.11}
}

@ARTICLE{Han2011,
  author = {Han, T.D. and Abdelrahman, T.S.},
  title = {hi{CUDA}: High-Level {GPGPU} Programming},
  journal = {Parallel and Distributed Systems, IEEE Transactions on},
  year = {2011},
  volume = {22},
  pages = {78 -90},
  number = {1},
  doi = {10.1109/TPDS.2010.62},
  issn = {1045-9219},
  keywords = {C-like interface;CUDA programming;compute unified device architecture;graphics
	processing units;high-level GPGPU programming;high-level directive-based
	language;prototype compiler;sequential code;computer graphic equipment;coprocessors;program
	compilers;},
  timestamp = {2011.01.30}
}

@ARTICLE{Harvey2011,
  author = {Harvey, M J and De Fabritiis, G},
  title = {Swan: A tool for porting {CUDA} programs to {Open}{CL}},
  journal = {Computer Physics Communications},
  year = {2011},
  volume = {182},
  pages = {1093--1099},
  number = {4},
  publisher = {Elsevier B.V.},
  url = {http://linkinghub.elsevier.com/retrieve/pii/S0010465511000117}
}

@CONFERENCE{Cohen2010,
  author = {{Cohen} J},
  title = {Fluid Simulation with CUDA},
  year = {2010},
  owner = {mike},
  timestamp = {2012.05.11},
  url = {http://gpgpu.org/wp/wp-content/uploads/2009/11/SC09_Fluid_Sim_Cohen.pdf}
}

@CONFERENCE{Kestener2012,
  author = {{Kestener}, P. and {Fromang}, S.},
  title = {Compressible Magnetohydrodynamics Simulations on a $GPU$ Cluster},
  booktitle = {Numerical Modeling of Space Plasma Slows (ASTRONUM 2011)},
  year = {2012},
  editor = {{Pogorelov}, N.~V. and {Font}, J.~A. and {Audit}, E. and {Zank},
	G.~P. },
  volume = {459},
  series = {Astronomical Society of the Pacific Conference Series},
  pages = {222},
  month = {June},
  owner = {mike},
  timestamp = {2013.01.21},
  url = {http://www.maisondelasimulation.fr/projects/RAMSES-GPU/html/_static/data/kestener_astronum2012.pdf}
}

@BOOK{Kirk2010b,
  title = {Programming Massively Parallel Processors: A Hands-on Approach (Applications
	of GPU Computing Series)},
  publisher = {Morgan Kaufmann},
  year = {2010},
  author = {Kirk, D},
  owner = {mike},
  timestamp = {2013.02.27}
}

@BOOK{Kirk2010,
  title = {Programming Massively Parallel Processors: A Hands-on Approach},
  publisher = {Elsevier Direct},
  year = {2010},
  author = {{Kirk}, D and {Hwu}, W},
  owner = {mike},
  timestamp = {2012.05.11}
}

@ARTICLE{Lindholm2008,
  author = {Lindholm, E. and Nickolls, J. and Oberman, S. and Montrym, J.},
  title = {{NVIDIA} Tesla: A Unified Graphics and Computing Architecture},
  journal = {Micro, IEEE},
  year = {2008},
  volume = {28},
  pages = {39 -55},
  number = {2},
  doi = {10.1109/MM.2008.31},
  issn = {0272-1732},
  keywords = {API;Tesla scalable unified programmable graphics;multithreading;parallel
	array of processors;parallel computing architecture;C language;application
	program interfaces;computer graphics;multi-threading;parallel architectures;},
  timestamp = {2008.03.30}
}

@CONFERENCE{Lin2011,
  author = {{Lin},L , {Ng}, C.-S. and {Bhattacharjee}, A},
  title = {GPU Accelerated Reduced MHD Simulations of Coronal Loops},
  booktitle = {Twenty Second International Conference on Numerical Simulations of
	Plasmas},
  year = {2011},
  owner = {mike},
  timestamp = {2013.01.21}
}

@INPROCEEDINGS{Lin2012,
  author = {{Lin}, L. and {Ng}, C.-S. and {Bhattacharjee}, A.},
  title = {{The Reduced Magnetohydrodynamics Coronal Tectonics Code: Implementation
	on {GPU} Accelerated Machines}},
  booktitle = {Numerical Modeling of Space Plasma Slows (ASTRONUM 2011)},
  year = {2012},
  editor = {{Pogorelov}, N.~V. and {Font}, J.~A. and {Audit}, E. and {Zank},
	G.~P. },
  volume = {459},
  series = {Astronomical Society of the Pacific Conference Series},
  pages = {222},
  month = jul,
  adsnote = {Provided by the SAO/NASA Astrophysics Data System},
  adsurl = {http://adsabs.harvard.edu/abs/2012ASPC..459..222L}
}

@INPROCEEDINGS{Nordlund1999,
  author = {{Nordlund}, {\AA}. and {Stein}, R.~F.},
  title = {{Solar Convection and MHD}},
  booktitle = {Numerical Astrophysics},
  year = {1999},
  editor = {{Miyama}, S.~M. and {Tomisaka}, K. and {Hanawa}, T.},
  volume = {240},
  series = {Astrophysics and Space Science Library},
  pages = {293},
  adsnote = {Provided by the SAO/NASA Astrophysics Data System},
  adsurl = {http://adsabs.harvard.edu/abs/1999ASSL..240..293N}
}

@ARTICLE{Orszag1979,
  author = {Orszag, S A and Tang, C M},
  title = {Small-scale structure of two-dimensional magnetohydrodynamic turbulence},
  journal = {Journal of Fluid Mechanics},
  year = {1979},
  volume = {90},
  pages = {129--143},
  number = {01},
  publisher = {Cambridge Univ Press},
  url = {http://www.journals.cambridge.org/abstract_S002211207900210X}
}

@ARTICLE{Owens2008,
  author = {Owens, J.D. and Houston, M. and Luebke, D. and Green, S. and Stone,
	J.E. and Phillips, J.C.},
  title = {{GPU} Computing},
  journal = {Proceedings of the {IEEE}},
  year = {2008},
  volume = {96},
  pages = {879 -899},
  number = {5},
  month = {May },
  doi = {10.1109/JPROC.2008.917757},
  issn = {0018-9219},
  keywords = {GPU computing;computational biophysics;game physics;general-purpose
	computing;graphics engine;graphics processing unit;high-performance
	computer system;memory bandwidth;microprocessor;parallel computing;parallel
	programmable processor;peak arithmetic;programming model;computer
	graphic equipment;microcomputers;parallel programming;}
}

@Article{Pang2010,
  author         = {Bijia Pang and Ue-li Pen and Michael Perrone},
  title          = {Magnetohydrodynamics on Heterogeneous architectures: a performance comparison},
  year           = {2010},
  month          = Apr,
  eprint         = {1004.1680},
  abstract       = {We present magneto-hydrodynamic simulation results for heterogeneous
	systems. Heterogeneous architectures combine high floating point
	performance many-core units hosted in conventional server nodes.
	Examples include Graphics Processing Units (GPU's) and Cell. They
	have potentially large gains in performance, at modest power and
	monetary cost. We implemented a magneto-hydrodynamic (MHD) simulation
	code on a variety of heterogeneous and multi-core architectures ---
	multi-core x86, Cell, Nvidia and ATI GPU --- in different languages,
	FORTRAN, C, Cell, CUDA and OpenCL. We present initial performance
	results for these systems. To our knowledge, this is the widest comparison
	of heterogeneous systems for MHD simulations. We review the different
	challenges faced in each architecture, and potential bottlenecks.
	We conclude that substantial gains in performance over traditional
	systems are possible, and in particular that is possible to extract
	a greater percentage of peak theoretical performance from some systems
	when compared to x86 architectures.},
  comments       = {8 pages, 2 figures},
  oai2identifier = {1004.1680},
  owner          = {cs1mkg},
  timestamp      = {2012.04.30},
}

@BOOK{Pressman1997,
  title = {Software Engineering (A Practitioners Approach)},
  publisher = {McGraw Hill},
  year = {1997},
  author = {Pressman, R S},
  owner = {cs1mkg},
  timestamp = {2013.02.28}
}

@ARTICLE{Roe1981,
  author = {{Roe}, P.~L.},
  title = {{Approximate Riemann Solvers, Parameter Vectors, and Difference Schemes}},
  journal = {Journal of Computational Physics},
  year = {1981},
  volume = {43},
  pages = {357},
  adsnote = {Provided by the SAO/NASA Astrophysics Data System},
  adsurl = {http://adsabs.harvard.edu/abs/1981JCoPh..43..357R},
  doi = {10.1016/0021-9991(81)90128-5}
}

@MISC{Sondergaard1999,
  author = {Peter S$\o$ndergaard and Jan Vittrup Hansen},
  title = {Numerical Computation with Shocks},
  year = {1999}
}

@ARTICLE{Schive2011,
  author = {{Schive}, H.-Y. and {Zhang}, U.-H. and {Chiueh}, T.},
  title = {Directionally Unsplit Hydrodynamic Schemes with Hybrid {MPI}/Open{MP/GPU}
	Parallelization in {AMR}},
  journal = {ArXiv e-prints},
  year = {2011},
  owner = {mike},
  timestamp = {2013.01.15},
  url = {http://adsabs.harvard.edu/abs/2011arXiv1103.3373S}
}

@ARTICLE{Scullion2011,
  author = {{Scullion}, E. and {Erd{\'e}lyi}, R. and {Fedun}, V. and {Doyle},
	J.~G.},
  title = {{The Response of A Three-dimensional Solar Atmosphere to Wave-driven
	Jets}},
  journal = {\apj},
  year = {2011},
  volume = {743},
  pages = {14},
  eid = {14},
  adsnote = {Provided by the SAO/NASA Astrophysics Data System},
  adsurl = {http://adsabs.harvard.edu/abs/2011ApJ...743...14S},
  doi = {10.1088/0004-637X/743/1/14},
  keywords = {methods: numerical, methods: observational, Sun: transition region,
	techniques: image processing, techniques: spectroscopic }
}

@ARTICLE{Sedov1946,
  author = {Sedov, Leonid I},
  title = {Propagation of strong shock waves},
  journal = {Journal of Applied Mathematics and Mechanics},
  year = {1946},
  volume = {10},
  pages = {241--250}
}

@ARTICLE{Shainer2011,
  author = {Shainer, Gilad and Ayoub, Ali and Lui, Pak and Liu, Tong and Kagan,
	Michael and Trott, Christian R and Scantlen, Greg and Crozier, Paul
	S},
  title = {The development of Mellanox/{NVIDIA} {GPUD}irect over InfiniBandï¿½a
	new model for {GPU} to {GPU} communications},
  journal = {Computer Science Research and Development},
  year = {2011},
  volume = {26},
  pages = {267--273},
  number = {3-4},
  url = {http://www.springerlink.com/index/10.1007/s00450-011-0157-1}
}

@ARTICLE{Shelyag2008,
  author = {{Shelyag}, S. and {Fedun}, V. and {Erd{\'e}lyi}, R.},
  title = {{Magnetohydrodynamic code for gravitationally-stratified media}},
  journal = {\aap},
  year = {2008},
  volume = {486},
  pages = {655-662},
  adsnote = {Provided by the SAO/NASA Astrophysics Data System},
  adsurl = {http://adsabs.harvard.edu/abs/2008A%26A...486..655S},
  doi = {10.1051/0004-6361:200809800},
  keywords = {methods: numerical, magnetohydrodynamcs (MHD), plasmas, Sun: general}
}

@ARTICLE{Stein1998,
  author = {{Stein}, R.~F. and {Nordlund}, A.},
  title = {{Simulations of Solar Granulation. I. General Properties}},
  journal = {\apj},
  year = {1998},
  volume = {499},
  pages = {914},
  adsnote = {Provided by the SAO/NASA Astrophysics Data System},
  adsurl = {http://adsabs.harvard.edu/abs/1998ApJ...499..914S},
  doi = {10.1086/305678},
  keywords = {METHODS: NUMERICAL, CONVECTION, SUN: GRANULATION, HYDRODYNAMICS, SUN:
	INTERIOR}
}

@ARTICLE{Taylor1950,
  author = {Taylor, G},
  title = {The Formation of a Blast Wave by a Very Intense Explosion. I. Theoretical
	Discussion},
  journal = {Proceedings of the Royal Society A Mathematical Physical and Engineering
	Sciences},
  year = {1950},
  volume = {201},
  pages = {159--174},
  number = {1065},
  publisher = {JSTOR},
  url = {http://rspa.royalsocietypublishing.org/cgi/doi/10.1098/rspa.1950.0049}
}





@ARTICLE{Toth1998,
  author = {{Toth}, G. and {Keppens}, R. and {Botchev}, M.~A.},
  title = {{Implicit and semi-implicit schemes in the Versatile Advection Code:
	numerical tests}},
  journal = {\aap},
  year = {1998},
  volume = {332},
  pages = {1159-1170},
  adsnote = {Provided by the SAO/NASA Astrophysics Data System},
  adsurl = {http://adsabs.harvard.edu/abs/1998A%26A...332.1159T},
  keywords = {METHODS: NUMERICAL, MAGNETOHYDRODYNAMICS, HYDRODYNAMICS, SHOCK WAVES}
}

@ARTICLE{Toth2000,
  author = {{T{\'o}th}, G.},
  title = {{The ${\nabla}.B=0$ Constraint in Shock-Capturing Magnetohydrodynamics
	Codes}},
  journal = {Journal of Computational Physics},
  year = {2000},
  volume = {161},
  pages = {605-652},
  adsnote = {Provided by the SAO/NASA Astrophysics Data System},
  adsurl = {http://adsabs.harvard.edu/abs/2000JCoPh.161..605T},
  doi = {10.1006/jcph.2000.6519}
}

@ARTICLE{Toth1996,
  author = {{T{\'o}th}, G.},
  title = {{A General Code for Modeling {MHD} Flows on Parallel Computers: Versatile
	Advection Code}},
  journal = {Astrophysical Letters and Communications},
  year = {1996},
  volume = {34},
  pages = {245},
  adsnote = {Provided by the SAO/NASA Astrophysics Data System},
  adsurl = {http://adsabs.harvard.edu/abs/1996ApL%26C..34..245T}
}

@ARTICLE{Vigeesh2011,
  author = {{Vigeesh}, G. and {Fedun}, V. and {Hasan}, S.~S. and {Erd{\'e}lyi},
	R.},
  title = {{3D Simulations of Magnetohydrodynamic Waves in the Magnetized Solar
	Atmosphere}},
  journal = {ArXiv e-prints},
  year = {2011},
  adsnote = {Provided by the SAO/NASA Astrophysics Data System},
  adsurl = {http://adsabs.harvard.edu/abs/2011arXiv1109.6471V},
  archiveprefix = {arXiv},
  eprint = {1109.6471},
  keywords = {Astrophysics - Solar and Stellar Astrophysics},
  primaryclass = {astro-ph.SR}
}

@ELECTRONIC{Villa2008,
  author = {Oreste Villa and Daniel Chavarrï¿½a-mir and Vidhya Gurumoorthi and
	Andrï¿½s Mï¿½rquez and Sriram Krishnamoorthy},
  year = {2008},
  title = {Effects of Floating-Point non-Associativity on Numerical Computations
	on Massively Multithreaded Systems},
  owner = {mike},
  timestamp = {2013.01.15}
}

@ARTICLE{Whitehead2011,
  author = {Whitehead, Nathan and Fit-florea, Alex},
  title = {Precision and Performance : Floating Point and {IEEE} 754 Compliance
	for {NVIDIA} {GPU}s},
  journal = {{NVIDIA} white paper},
  year = {2011},
  volume = {21},
  pages = {767--75},
  number = {10},
  url = {http://developer.nvidia.com/content/precision-performance-floating-point-and-ieee-754-compliance-nvidia-gpus}
}

@ARTICLE{Wienke2012,
  author = {Wienke, S and Springer, P and Terboven, C and an Mey,D},
  title = {OpenACC ï¿½ First Experiences with Real-World Applications},
  journal = {Lecture Notes in Computer Science},
  year = {2012},
  volume = {7484},
  pages = {859-870},
  owner = {mike},
  timestamp = {2013.07.05}
}

@ELECTRONIC{Wolfe2008,
  author = {{Wolfe}, M},
  month = {December},
  year = {2008},
  title = {Compilers and More: A {GPU} and Accelerator Programming Model},
  organization = {The Portland Group Inc.},
  url = {http://www.wavelink.com.tw/uploads/GPU_Compiler.pdf},
  owner = {mike},
  timestamp = {2012.05.14}
}

@ARTICLE{Wong2011,
  author = { {Wong}, H -C and  {Wong}, U -H and {Feng}, X and {Tang}, Z},
  title = {Efficient magnetohydrodynamic simulations on graphics processing units with {CUDA}},
  journal = {Computer Physics Communications},
  year = {2011},
  volume = {182},
  pages = {2132--2160},
  publisher = {Elsevier B.V.}
}

@ARTICLE{Wong2014A,
  author = {{Wong}, U -H and  {Wong}, H -C and  {Ma}, Y },
  title = {Global magnetohydrodynamic simulations on multiple {GPU}s},
  journal = {Computer Physics Communications},
  year = {2014},
  volume = {185},
  pages = {144--152},
  publisher = {Elsevier B.V.}
}

@ARTICLE{Wong2014B,
  author = {{Wong}, U -H and {Aoki}, T and {Wong}, H -C },
  title = {Efficient magnetohydrodynamic simulations on distributed multi-{GPU} systems using a novel {GPU} Direct-{MPI} hybrid approach},
  journal = {Computer Physics Communications},
  year = {2014},
  volume = {185},
  pages = {1901--1913},
  publisher = {Elsevier B.V.},
  url = {http://dx.doi.org/10.1016/j.cpc.2014.03.018}
}

@ARTICLE{Zink2011,
  author = {{Zink}, B},
  title = {{HORIZON: Accelerated general relativistic magnetohydrodynamics}},
  journal = {ArXiv e-prints},
  year = {2011},
  month = Sep,
  archiveprefix = {arXiv},
  eprint = {1102.5202}
}



@Article{Ulrich1970,
  author        = {{Ulrich}, R.~K.},
  title         = {{The Five-Minute Oscillations on the Solar Surface}},
  year          = {1970},
  volume        = {162},
  pages         = {993},
  doi           = {10.1086/150731},
  __markedentry = {[mike:6]},
  adsnote       = {Provided by the SAO/NASA Astrophysics Data System},
  adsurl        = {http://adsabs.harvard.edu/abs/1970ApJ...162..993U},
  journal       = {\apj},
}

@InProceedings{Leighton1960,
  author        = {{Leighton}, R.~B.},
  booktitle     = {Aerodynamic Phenomena in Stellar Atmospheres},
  year          = {1960},
  editor        = {{Thomas}, R.~N.},
  volume        = {12},
  series        = {IAU Symposium},
  pages         = {321-325},
  __markedentry = {[mike:6]},
  adsnote       = {Provided by the SAO/NASA Astrophysics Data System},
  adsurl        = {http://adsabs.harvard.edu/abs/1960IAUS...12..321L},
}

@Article{Leibacher1971,
  author        = {{Leibacher}, J.~W. and {Stein}, R.~F.},
  title         = {{A New Description of the Solar Five-Minute Oscillation}},
  year          = {1971},
  volume        = {7},
  pages         = {191-192},
  __markedentry = {[mike:6]},
  adsnote       = {Provided by the SAO/NASA Astrophysics Data System},
  adsurl        = {http://adsabs.harvard.edu/abs/1971ApL.....7..191L},
  journal       = {ApJ Letter},
  keywords      = {GLOBAL MODES, THEORY, JOHN LEIBACHER,},
}

@Article{DeMoortel2005,
  author        = {{De Moortel}, I.},
  title         = {{An overview of coronal seismology}},
  year          = {2005},
  volume        = {363},
  pages         = {2743-2760},
  doi           = {10.1098/rsta.2005.1665},
  __markedentry = {[mike:6]},
  adsnote       = {Provided by the SAO/NASA Astrophysics Data System},
  adsurl        = {http://adsabs.harvard.edu/abs/2005RSPTA.363.2743D},
  journal       = {Philosophical Transactions of the Royal Society of London Series A},
}

@Article{Roberts1984,
  author        = {{Roberts}, B. and {Edwin}, P.~M. and {Benz}, A.~O.},
  title         = {{On coronal oscillations}},
  year          = {1984},
  volume        = {279},
  pages         = {857-865},
  doi           = {10.1086/161956},
  __markedentry = {[mike:6]},
  adsnote       = {Provided by the SAO/NASA Astrophysics Data System},
  adsurl        = {http://adsabs.harvard.edu/abs/1984ApJ...279..857R},
  journal       = {\apj},
  keywords      = {Coronal Loops, Magnetoacoustic Waves, Magnetohydrodynamic Waves, Solar Magnetic Field, Solar Oscillations, Magnetic Flux, Propagation Modes, Standing Waves, Type 4 Bursts},
}

@Article{Vernazza1981,
  author        = {{Vernazza}, J.~E. and {Avrett}, E.~H. and {Loeser}, R.},
  title         = {{Structure of the solar chromosphere. III - Models of the EUV brightness components of the quiet-sun}},
  year          = {1981},
  volume        = {45},
  pages         = {635-725},
  doi           = {10.1086/190731},
  __markedentry = {[mike:6]},
  adsnote       = {Provided by the SAO/NASA Astrophysics Data System},
  adsurl        = {http://adsabs.harvard.edu/abs/1981ApJS...45..635V},
  journal       = {Astrophysical Journal Supplement Series},
  keywords      = {Atmospheric Models, Brightness Temperature, Chromosphere, Extreme Ultraviolet Radiation, Nonequilibrium Thermodynamics, Radiative Heat Transfer, Solar Atmosphere, Ultraviolet Spectra, Atmospheric Heating, Atomic Energy Levels, Carbon, Graphs (Charts), Hydrogen Atoms, Iron, Lyman Spectra, Solar Temperature, Tables (Data)},
}

%changed from

@Article{Beck2012,
  author        = {{Beck}, C. and {Rezaei}, R. and {Puschmann}, K.~G.},
  title         = {{The energy of waves in the photosphere and lower chromosphere. II. Intensity statistics}},
  year          = {2012},
  volume        = {544},
  eid           = {A46},
  pages         = {A46},
  doi           = {10.1051/0004-6361/201219242},
  eprint        = {1206.1759},
  __markedentry = {[mike:6]},
  adsnote       = {Provided by the SAO/NASA Astrophysics Data System},
  adsurl        = {http://adsabs.harvard.edu/abs/2012A%26A...544A..46B},
  archiveprefix = {arXiv},
  journal       = {\aap},
  keywords      = {Sun: chromosphere, Sun: oscillations},
  primaryclass  = {astro-ph.SR},
}

@ARTICLE{Bello2009,
   author = {{Bello Gonz{\'a}lez}, N. and {Flores Soriano}, M. and {Kneer}, F. and 
	{Okunev}, O.},
    title = "{Acoustic waves in the solar atmosphere at high spatial resolution}",
  journal = {\aap},
 keywords = {Sun: photosphere, Sun: chromosphere, Sun: oscillations, techniques: high angular resolution, techniques: spectroscopic},
     year = 2009,
   volume = 508,
    pages = {941-950},
      doi = {10.1051/0004-6361/200912275},
   adsurl = {http://adsabs.harvard.edu/abs/2009A%26A...508..941B},
  adsnote = {Provided by the SAO/NASA Astrophysics Data System}
}


@Article{Bello2010,
  author        = {{Bello Gonz{\'a}lez}, N. and {Franz}, M. and {Mart{\'{\i}}nez Pillet}, V. and {Bonet}, J.~A. and {Solanki}, S.~K. and {del Toro Iniesta}, J.~C. and {Schmidt}, W. and {Gandorfer}, A. and {Domingo}, V. and {Barthol}, P. and {Berkefeld}, T. and {Kn{\"o}lker}, M.},
  title         = {{Detection of Large Acoustic Energy Flux in the Solar Atmosphere}},
  year          = {2010},
  volume        = {723},
  pages         = {L134-L138},
  doi           = {10.1088/2041-8205/723/2/L134},
  eprint        = {1009.4795},
  __markedentry = {[mike:6]},
  adsnote       = {Provided by the SAO/NASA Astrophysics Data System},
  adsurl        = {http://adsabs.harvard.edu/abs/2010ApJ...723L.134B},
  archiveprefix = {arXiv},
  journal       = {\apjl},
  keywords      = {Sun: chromosphere, Sun: oscillations, Sun: photosphere, techniques: high angular resolution, techniques: spectroscopic},
  primaryclass  = {astro-ph.SR},
}

@Article{Bello2010A,
  author        = {{Bello Gonz{\'a}lez}, N. and {Flores Soriano}, M. and {Kneer}, F. and {Okunev}, O. and {Shchukina}, N.},
  title         = {{Acoustic waves in the solar atmosphere at high spatial resolution. II. Measurement in the Fe I 5434 {\AA} line}},
  year          = {2010},
  volume        = {522},
  eid           = {A31},
  pages         = {A31},
  doi           = {10.1051/0004-6361/201014052},
  __markedentry = {[mike:6]},
  adsnote       = {Provided by the SAO/NASA Astrophysics Data System},
  adsurl        = {http://adsabs.harvard.edu/abs/2010A%26A...522A..31B},
  journal       = {\aap},
  keywords      = {Sun: chromosphere, Sun: oscillations, techniques: spectroscopic, Sun: photosphere},
}

@Article{Hansteen2007,
  author        = {{Hansteen}, V.~H. and {de Pontieu}, B. and {Carlsson}, M. and {McIntosh}, S. and {Watanabe}, T. and {Warren}, H.~P. and {Harra}, L.~K. and {Hara}, H. and {Tarbell}, T.~D. and {Shine}, D. and {Title}, A.~M. and {Schrijver}, C.~J. and {Tsuneta}, S. and {Katsukawa}, Y. and {Ichimoto}, K. and {Suematsu}, Y. and {Shimizu}, T.},
  title         = {{On Connecting the Dynamics of the Chromosphere and Transition Region with Hinode SOT and EIS}},
  year          = {2007},
  volume        = {59},
  pages         = {S699-S706},
  doi           = {10.1093/pasj/59.sp3.S699},
  eprint        = {0711.0487},
  __markedentry = {[mike:6]},
  adsnote       = {Provided by the SAO/NASA Astrophysics Data System},
  adsurl        = {http://adsabs.harvard.edu/abs/2007PASJ...59S.699H},
  archiveprefix = {arXiv},
  journal       = {\pasj},
  keywords      = {Sun: chromosphere, Sun: corona, Sun: flux emergence, Sun: transition region, Sun: UV radiation},
}

@Article{Carlsson1992,
  author        = {{Carlsson}, M. and {Stein}, R.~F.},
  title         = {{Non-LTE radiating acoustic shocks and CA II K2V bright points}},
  year          = {1992},
  volume        = {397},
  pages         = {L59-L62},
  doi           = {10.1086/186544},
  __markedentry = {[mike:6]},
  adsnote       = {Provided by the SAO/NASA Astrophysics Data System},
  adsurl        = {http://adsabs.harvard.edu/abs/1992ApJ...397L..59C},
  journal       = {\apjl},
  keywords      = {Calcium, Chromosphere, Line Spectra, Shock Wave Propagation, Solar Atmosphere, Sound Waves, Hydrodynamic Equations, Nonequilibrium Thermodynamics, Plasma Heating},
}

@Article{Khomenko2013,
  author        = {{Khomenko}, E. and {Calvo Santamaria}, I.},
  title         = {{Magnetohydrodynamic waves driven by p-modes}},
  year          = {2013},
  volume        = {440},
  number        = {1},
  eid           = {012048},
  pages         = {012048},
  doi           = {10.1088/1742-6596/440/1/012048},
  eprint        = {1302.4351},
  __markedentry = {[mike:6]},
  adsnote       = {Provided by the SAO/NASA Astrophysics Data System},
  adsurl        = {http://adsabs.harvard.edu/abs/2013JPhCS.440a2048K},
  archiveprefix = {arXiv},
  journal       = {Journal of Physics Conference Series},
  primaryclass  = {astro-ph.SR},
}

@Article{BelloGonzalez2010b,
  author        = {{Bello Gonz{\'a}lez}, N. and {Franz}, M. and {Mart{\'{\i}}nez Pillet}, V. and {Bonet}, J.~A. and {Solanki}, S.~K. and {del Toro Iniesta}, J.~C. and {Schmidt}, W. and {Gandorfer}, A. and {Domingo}, V. and {Barthol}, P. and {Berkefeld}, T. and {Kn{\"o}lker}, M.},
  title         = {{Detection of Large Acoustic Energy Flux in the Solar Atmosphere}},
  year          = {2010},
  volume        = {723},
  pages         = {L134-L138},
  doi           = {10.1088/2041-8205/723/2/L134},
  eprint        = {1009.4795},
  __markedentry = {[mike:6]},
  adsnote       = {Provided by the SAO/NASA Astrophysics Data System},
  adsurl        = {http://adsabs.harvard.edu/abs/2010ApJ...723L.134B},
  archiveprefix = {arXiv},
  journal       = {\apjl},
  keywords      = {Sun: chromosphere, Sun: oscillations, Sun: photosphere, techniques: high angular resolution, techniques: spectroscopic},
  primaryclass  = {astro-ph.SR},
}

@Article{Kalkofen2010,
  author        = {{Kalkofen}, W. and {Rossi}, P. and {Bodo}, G. and {Massaglia}, S.},
  title         = {{Acoustic waves in a stratified atmosphere. IV. Three-dimensional nonlinear hydrodynamics}},
  year          = {2010},
  volume        = {520},
  eid           = {A100},
  pages         = {A100},
  doi           = {10.1051/0004-6361/200912996},
  __markedentry = {[mike:6]},
  adsnote       = {Provided by the SAO/NASA Astrophysics Data System},
  adsurl        = {http://adsabs.harvard.edu/abs/2010A%26A...520A.100K},
  journal       = {\aap},
  keywords      = {hydrodynamics, stars: late-type, waves, Sun: chromosphere},
}

@InProceedings{Jain2006,
  author        = {{Jain}, K. and {Hill}, F. and {Gonz{\'a}lez Hern{\'a}ndez}, I. and {Toner}, C.~G. and {Tripathy}, S.~C. and {Armstrong}, J.~D. and {Jefferies}, S.~M.},
  title         = {{Does the inference of solar subsurface flow change with choice of the spectral line?}},
  booktitle     = {Proceedings of SOHO 18/GONG 2006/HELAS I, Beyond the spherical Sun},
  year          = {2006},
  volume        = {624},
  series        = {ESA Special Publication},
  pages         = {127.1},
  __markedentry = {[mike:6]},
  adsnote       = {Provided by the SAO/NASA Astrophysics Data System},
  adsurl        = {http://adsabs.harvard.edu/abs/2006ESASP.624E.127J},
  eid           = {127.1},
}

@InProceedings{Jefferies2006,
  author        = {{Jefferies}, S.~M. and {McIntosh}, S.~W. and {Armstrong}, J.~D. and {Bogdan}, T.~J. and {Cacciani}, A. and {Fleck}, B.},
  title         = {{Low-frequency magneto-acoustic waves in the solar chromosphere}},
  booktitle     = {Proceedings of SOHO 18/GONG 2006/HELAS I, Beyond the spherical Sun},
  year          = {2006},
  volume        = {624},
  series        = {ESA Special Publication},
  pages         = {16.1},
  __markedentry = {[mike:6]},
  adsnote       = {Provided by the SAO/NASA Astrophysics Data System},
  adsurl        = {http://adsabs.harvard.edu/abs/2006ESASP.624E..16J},
  eid           = {16.1},
}

@Article{Jefferies2006a,
  author        = {{Jefferies}, S.~M. and {McIntosh}, S.~W. and {Armstrong}, J.~D. and {Bogdan}, T.~J. and {Cacciani}, A. and {Fleck}, B.},
  title         = {{Magnetoacoustic Portals and the Basal Heating of the Solar Chromosphere}},
  year          = {2006},
  volume        = {648},
  pages         = {L151-L155},
  doi           = {10.1086/508165},
  __markedentry = {[mike:6]},
  adsnote       = {Provided by the SAO/NASA Astrophysics Data System},
  adsurl        = {http://adsabs.harvard.edu/abs/2006ApJ...648L.151J},
  journal       = {\apjl},
  keywords      = {Sun: Atmospheric Motions, Sun: Chromosphere, Sun: Magnetic Fields},
}

@ARTICLE{Bogdan2003,
   author = {{Bogdan}, T.~J. and {Carlsson}, M. and {Hansteen}, V.~H. and 
	{McMurry}, A. and {Rosenthal}, C.~S. and {Johnson}, M. and {Petty-Powell}, S. and 
	{Zita}, E.~J. and {Stein}, R.~F. and {McIntosh}, S.~W. and {Nordlund}, {\AA}.
	},
    title = "{Waves in the Magnetized Solar Atmosphere. II. Waves from Localized Sources in Magnetic Flux Concentrations}",
  journal = {\apj},
 keywords = {Magnetohydrodynamics: MHD, Sun: Chromosphere, Sun: Magnetic Fields, Sun: Oscillations, Sun: Sunspots},
     year = 2003,
   volume = 599,
    pages = {626-660},
      doi = {10.1086/378512},
   adsurl = {http://adsabs.harvard.edu/abs/2003ApJ...599..626B},
  adsnote = {Provided by the SAO/NASA Astrophysics Data System}
}



@Article{Bogdan2006,
  author        = {{Bogdan}, T.~J.},
  title         = {{Effect of Thermal Conduction on Acoustic Waves in Coronal Loops}},
  year          = {2006},
  volume        = {643},
  pages         = {532-539},
  doi           = {10.1086/502622},
  __markedentry = {[mike:6]},
  adsnote       = {Provided by the SAO/NASA Astrophysics Data System},
  adsurl        = {http://adsabs.harvard.edu/abs/2006ApJ...643..532B},
  journal       = {\apj},
  keywords      = {Sun: Atmospheric Motions, Sun: Corona, Sun: Oscillations},
}

@Article{Penn1993,
  author        = {{Penn}, M.~J. and {Labonte}, B.~J.},
  title         = {{The source of 5 minute period photospheric umbral oscillations}},
  year          = {1993},
  volume        = {415},
  pages         = {383-396},
  doi           = {10.1086/173172},
  __markedentry = {[mike:6]},
  adsnote       = {Provided by the SAO/NASA Astrophysics Data System},
  adsurl        = {http://adsabs.harvard.edu/abs/1993ApJ...415..383P},
  journal       = {\apj},
  keywords      = {Photosphere, Solar Atmosphere, Solar Oscillations, Solar Spectra, Umbras, Fourier Analysis, Spectrographs, Sunspots},
}

@Article{Khomenko2013a,
  author        = {{Khomenko}, E. and {Calvo Santamaria}, I.},
  title         = {{Magnetohydrodynamic waves driven by p-modes}},
  year          = {2013},
  volume        = {440},
  number        = {1},
  eid           = {012048},
  pages         = {012048},
  doi           = {10.1088/1742-6596/440/1/012048},
  eprint        = {1302.4351},
  __markedentry = {[mike:6]},
  adsnote       = {Provided by the SAO/NASA Astrophysics Data System},
  adsurl        = {http://adsabs.harvard.edu/abs/2013JPhCS.440a2048K},
  archiveprefix = {arXiv},
  journal       = {Journal of Physics Conference Series},
  primaryclass  = {astro-ph.SR},
}

@Article{Siegel2010,
  author        = {{Siegel}, D.~M. and {Roth}, M.},
  title         = {{Excitation of non-radial stellar oscillations by gravitational waves: a first model}},
  year          = {2010},
  volume        = {408},
  pages         = {1742-1748},
  doi           = {10.1111/j.1365-2966.2010.17240.x},
  eprint        = {1006.4803},
  __markedentry = {[mike:6]},
  adsnote       = {Provided by the SAO/NASA Astrophysics Data System},
  adsurl        = {http://adsabs.harvard.edu/abs/2010MNRAS.408.1742S},
  archiveprefix = {arXiv},
  journal       = {\mnras},
  keywords      = {asteroseismology, gravitation, gravitational waves, Sun: helioseismology, Sun: oscillations, stars: oscillations},
  primaryclass  = {astro-ph.SR},
}

@Article{Murawski2010,
  author        = {{Murawski}, K. and {Zaqarashvili}, T.~V.},
  title         = {{Numerical simulations of spicule formation in the solar atmosphere}},
  year          = {2010},
  volume        = {519},
  eid           = {A8},
  pages         = {9},
  doi           = {10.1051/0004-6361/201014128},
  eprint        = {1005.5624},
  __markedentry = {[mike:6]},
  adsnote       = {Provided by the SAO/NASA Astrophysics Data System},
  adsurl        = {http://adsabs.harvard.edu/abs/2010A%26A...519A...8M},
  archiveprefix = {arXiv},
  journal       = {\aap},
  keywords      = {magnetohydrodynamics (MHD), instabilities, Sun: atmosphere},
  primaryclass  = {astro-ph.SR},
}

@Article{Cauzzi2008,
  author        = {{Cauzzi}, G. and {Reardon}, K.~P. and {Uitenbroek}, H. and {Cavallini}, F. and {Falchi}, A. and {Falciani}, R. and {Janssen}, K. and {Rimmele}, T. and {Vecchio}, A. and {W{\"o}ger}, F.},
  title         = {{The solar chromosphere at high resolution with IBIS. I. New insights from the Ca II 854.2 nm line}},
  year          = {2008},
  volume        = {480},
  pages         = {515-526},
  doi           = {10.1051/0004-6361:20078642},
  eprint        = {0709.2417},
  __markedentry = {[mike:6]},
  adsnote       = {Provided by the SAO/NASA Astrophysics Data System},
  adsurl        = {http://adsabs.harvard.edu/abs/2008A%26A...480..515C},
  archiveprefix = {arXiv},
  journal       = {\aap},
  keywords      = {Sun: chromosphere, Sun: magnetic fields, instrumentation: high angular, resolution, instrumentation: interferometers},
}

@Article{Lites2008,
  author        = {{Lites}, B.~W. and {Kubo}, M. and {Socas-Navarro}, H. and {Berger}, T. and {Frank}, Z. and {Shine}, R. and {Tarbell}, T. and {Title}, A. and {Ichimoto}, K. and {Katsukawa}, Y. and {Tsuneta}, S. and {Suematsu}, Y. and {Shimizu}, T. and {Nagata}, S.},
  title         = {{The Horizontal Magnetic Flux of the Quiet-Sun Internetwork as Observed with the Hinode Spectro-Polarimeter}},
  year          = {2008},
  volume        = {672},
  eid           = {1237-1253},
  pages         = {1237-1253},
  doi           = {10.1086/522922},
  __markedentry = {[mike:6]},
  adsnote       = {Provided by the SAO/NASA Astrophysics Data System},
  adsurl        = {http://adsabs.harvard.edu/abs/2008ApJ...672.1237L},
  journal       = {\apj},
  keywords      = {Sun: granulation, Sun: magnetic fields, techniques: polarimetric},
}

@InProceedings{DeMoortel2005a,
  author        = {{De Moortel}, I. and {Galsgaard}, K.},
  title         = {{D Numerical Simulations of Magnetic Reconnection Driven by Rotational Footpoint Motions}},
  booktitle     = {The Dynamic Sun: Challenges for Theory and Observations},
  year          = {2005},
  volume        = {600},
  series        = {ESA Special Publication},
  pages         = {22.1},
  __markedentry = {[mike:6]},
  adsnote       = {Provided by the SAO/NASA Astrophysics Data System},
  adsurl        = {http://adsabs.harvard.edu/abs/2005ESASP.600E..22D},
  eid           = {22.1},
}

@Article{Jain2011,
  author        = {{Jain}, R. and {Gascoyne}, A. and {Hindman}, B.~W.},
  title         = {{Interaction of p modes with a collection of thin magnetic tubes}},
  year          = {2011},
  volume        = {415},
  pages         = {1276-1279},
  doi           = {10.1111/j.1365-2966.2011.18778.x},
  __markedentry = {[mike:6]},
  adsnote       = {Provided by the SAO/NASA Astrophysics Data System},
  adsurl        = {http://adsabs.harvard.edu/abs/2011MNRAS.415.1276J},
  journal       = {\mnras},
  keywords      = {MHD, Scattering, Sun: helioseismology, Sun: oscillations},
}

@Article{Gascoyne2011,
  author        = {{Gascoyne}, A. and {Jain}, R. and {Hindman}, B.~W.},
  title         = {{Sensitivity of p-mode absorption on magnetic region properties and kernel functions}},
  year          = {2011},
  volume        = {526},
  eid           = {A93},
  pages         = {A93},
  doi           = {10.1051/0004-6361/201015898},
  __markedentry = {[mike:6]},
  adsnote       = {Provided by the SAO/NASA Astrophysics Data System},
  adsurl        = {http://adsabs.harvard.edu/abs/2011A%26A...526A..93G},
  journal       = {\aap},
  keywords      = {Sun: helioseismology, Sun: oscillations, magnetic fields, magnetohydrodynamics (MHD), scattering},
}

@Article{Konkol2012,
  author        = {{Konkol}, P. and {Murawski}, K. and {Zaqarashvili}, T.~V.},
  title         = {{Numerical simulations of magnetoacoustic oscillations in a gravitationally stratified solar corona}},
  year          = {2012},
  volume        = {537},
  eid           = {A96},
  pages         = {A96},
  doi           = {10.1051/0004-6361/201117943},
  __markedentry = {[mike:6]},
  adsnote       = {Provided by the SAO/NASA Astrophysics Data System},
  adsurl        = {http://adsabs.harvard.edu/abs/2012A%26A...537A..96K},
  journal       = {\aap},
  keywords      = {magnetohydrodynamics (MHD), Sun: atmosphere, Sun: oscillations},
}

@Article{Hindman1996,
  author        = {{Hindman}, B.~W. and {Zweibel}, E.~G. and {Cally}, P.~S.},
  title         = {{Driven Acoustic Oscillations within a Vertical Magnetic Field}},
  year          = {1996},
  volume        = {459},
  pages         = {760},
  doi           = {10.1086/176940},
  __markedentry = {[mike:6]},
  adsnote       = {Provided by the SAO/NASA Astrophysics Data System},
  adsurl        = {http://adsabs.harvard.edu/abs/1996ApJ...459..760H},
  journal       = {\apj},
  keywords      = {MAGNETOHYDRODYNAMICS: MHD, SUN: OSCILLATIONS, WAVES},
}

@Article{James2003,
  author        = {{James}, S.~P. and {Erd{\'e}lyi}, R. and {De Pontieu}, B.},
  title         = {{Can ion-neutral damping help to form spicules?}},
  year          = {2003},
  volume        = {406},
  pages         = {715-724},
  doi           = {10.1051/0004-6361:20030685},
  __markedentry = {[mike:6]},
  adsnote       = {Provided by the SAO/NASA Astrophysics Data System},
  adsurl        = {http://adsabs.harvard.edu/abs/2003A%26A...406..715J},
  journal       = {\aap},
  keywords      = {magnetohydrodynamics (MHD), waves, Sun: transition region, Sun: faculae, plages, Sun: atmosphere, Sun: chromosphere},
}

@Article{Marsh2006,
  author        = {{Marsh}, M.~S. and {Walsh}, R.~W.},
  title         = {{p-Mode Propagation through the Transition Region into the Solar Corona. I. Observations}},
  year          = {2006},
  volume        = {643},
  pages         = {540-548},
  doi           = {10.1086/501450},
  __markedentry = {[mike:6]},
  adsnote       = {Provided by the SAO/NASA Astrophysics Data System},
  adsurl        = {http://adsabs.harvard.edu/abs/2006ApJ...643..540M},
  journal       = {\apj},
  keywords      = {Magnetohydrodynamics: MHD, Sun: Atmosphere, Sun: Corona, Sun: Oscillations, Sun: Sunspots, Waves},
}

@Article{Zhukov2002,
  author        = {{Zhukov}, V.~I.},
  title         = {{Oscillations on the Sun in regions with a vertical magnetic field. I. Sunspot umbral oscillations}},
  year          = {2002},
  volume        = {386},
  pages         = {653-657},
  doi           = {10.1051/0004-6361:20020279},
  __markedentry = {[mike:6]},
  adsnote       = {Provided by the SAO/NASA Astrophysics Data System},
  adsurl        = {http://adsabs.harvard.edu/abs/2002A%26A...386..653Z},
  journal       = {\aap},
  keywords      = {Sun: sunspots, Sun: oscillations, magnetohydrodynamics (MHD)},
}

@Article{Griffiths2015,
  author        = {{Griffiths}, M.~K. and {Fedun}, V. and {Erd{\'e}lyi}, R.},
  title         = {{A Fast MHD Code for Gravitationally Stratified Media using Graphical Processing Units: SMAUG}},
  year          = {2015},
  volume        = {36},
  pages         = {197-223},
  doi           = {10.1007/s12036-015-9328-y},
  __markedentry = {[mike:6]},
  adsnote       = {Provided by the SAO/NASA Astrophysics Data System},
  adsurl        = {http://adsabs.harvard.edu/abs/2015JApA...36..197G},
  journal       = {Journal of Astrophysics and Astronomy},
  keywords      = {Numerical simulations, magnetohydrodynamics, computer unified device architecture, graphical processing units, NVIDIA, Sheffield advanced code, the Sheffield magnetohydrodynamics algorithm using GPUs, versatile advection code},
}

@Article{Carlsson1995,
  author        = {{Carlsson}, M. and {Stein}, R.~F.},
  title         = {{Does a nonmagnetic solar chromosphere exist?}},
  year          = {1995},
  volume        = {440},
  pages         = {L29-L32},
  doi           = {10.1086/187753},
  eprint        = {astro-ph/9411036},
  __markedentry = {[mike:6]},
  adsnote       = {Provided by the SAO/NASA Astrophysics Data System},
  adsurl        = {http://adsabs.harvard.edu/abs/1995ApJ...440L..29C},
  journal       = {\apjl},
  keywords      = {Astronomical Models, Chromosphere, Radiative Transfer, Solar Atmosphere, Solar Magnetic Field, Energy Conservation, Force-Free Magnetic Fields, Shock Waves, Temperature Gradients},
}

@Article{Kalkofen2012,
  author        = {{Kalkofen}, W.},
  title         = {{The Validity of Dynamical Models of the Solar Atmosphere}},
  year          = {2012},
  volume        = {276},
  pages         = {75-95},
  doi           = {10.1007/s11207-011-9898-z},
  __markedentry = {[mike:6]},
  adsnote       = {Provided by the SAO/NASA Astrophysics Data System},
  adsurl        = {http://adsabs.harvard.edu/abs/2012SoPh..276...75K},
  journal       = {\solphys},
  keywords      = {Abundances, Acoustic waves, Line profiles, Radiative transfer, Sun: photosphere, chromosphere, granulation},
}

@Article{Leenaarts2011,
  author        = {{Leenaarts}, J. and {Carlsson}, M. and {Hansteen}, V. and {Gudiksen}, B.~V.},
  title         = {{On the minimum temperature of the quiet solar chromosphere}},
  year          = {2011},
  volume        = {530},
  eid           = {A124},
  pages         = {A124},
  doi           = {10.1051/0004-6361/201016392},
  eprint        = {1104.5081},
  __markedentry = {[mike:6]},
  adsnote       = {Provided by the SAO/NASA Astrophysics Data System},
  adsurl        = {http://adsabs.harvard.edu/abs/2011A%26A...530A.124L},
  archiveprefix = {arXiv},
  journal       = {\aap},
  keywords      = {Sun: atmosphere, Sun: chromosphere, radiative transfer, magnetohydrodynamics (MHD)},
  primaryclass  = {astro-ph.SR},
}

@Article{McWhirter1975,
  author        = {{McWhirter}, R.~W.~P. and {Thonemann}, P.~C. and {Wilson}, R.},
  title         = {{The heating of the solar corona. II - A model based on energy balance}},
  year          = {1975},
  volume        = {40},
  pages         = {63-73},
  __markedentry = {[mike:6]},
  adsnote       = {Provided by the SAO/NASA Astrophysics Data System},
  adsurl        = {http://adsabs.harvard.edu/abs/1975A%26A....40...63M},
  journal       = {\aap},
  keywords      = {Acoustic Attenuation, Astronomical Models, Energy Budgets, Plasma Heating, Solar Corona, Conductive Heat Transfer, Density Distribution, Magnetoacoustic Waves, Radiative Heat Transfer, Solar Magnetic Field, Sound Waves, Temperature Distribution},
}

@Article{Malins2007,
  author        = {{Malins}, C. and {Erd{\'e}lyi}, R.},
  title         = {{Direct Propagation of Photospheric Acoustic p Modes into Nonmagnetic Solar Atmosphere}},
  year          = {2007},
  volume        = {246},
  pages         = {41-52},
  doi           = {10.1007/s11207-007-9073-8},
  __markedentry = {[mike:6]},

  adsnote       = {Provided by the SAO/NASA Astrophysics Data System},
  adsurl        = {http://adsabs.harvard.edu/abs/2007SoPh..246...41M},
  journal       = {\solphys},
  keywords      = {Hydrodynamics, Methods: numerical, Sun: chromosphere, Sun: oscillations, Sun: atmosphere, Sun: transition region},
}





@Article{Malins2007A,
  author        = {{Malins}, C.},
  title         = {{On transition region convection cells in simulations of $\{$p$\}$-mode propagation}},
  year          = {2007},
  volume        = {328},
  pages         = {752-755},
  doi           = {10.1002/asna.200710786},
  __markedentry = {[mike:6]},
  adsnote       = {Provided by the SAO/NASA Astrophysics Data System},
  adsurl        = {http://adsabs.harvard.edu/abs/2007AN....328..752M},
  journal       = {Astronomische Nachrichten},
  keywords      = {convection, Sun: oscillations, Sun: photosphere, Sun: transition region},
}


@ARTICLE{Erdelyi2007,
   author = {{Erd{\'e}lyi}, R. and {Malins}, C. and {T{\'o}th}, G. and {de Pontieu}, B.
	},
    title = "{Leakage of photospheric acoustic waves into non-magnetic solar atmosphere}",
  journal = {\aap},
 keywords = {hydrodynamics, methods: numerical, Sun: chromosphere, Sun: oscillations, Sun: atmosphere, Sun: transition region},
     year = 2007,
   volume = 467,
    pages = {1299-1311},
      doi = {10.1051/0004-6361:20066857},
   adsurl = {http://adsabs.harvard.edu/abs/2007A%26A...467.1299E},
  adsnote = {Provided by the SAO/NASA Astrophysics Data System}
}


@Article{Srivastava2013,
  author        = {{Srivastava}, A.~K. and {Erd{\'e}lyi}, R. and {Tripathi}, D. and {Fedun}, V. and {Joshi}, N.~C. and {Kayshap}, P.},
  title         = {{Observational Evidence of Sausage-pinch Instability in Solar Corona by SDO/AIA}},
  year          = {2013},
  volume        = {765},
  eid           = {L42},
  pages         = {L42},
  doi           = {10.1088/2041-8205/765/2/L42},
  eprint        = {1302.1286},
  __markedentry = {[mike:6]},
  adsnote       = {Provided by the SAO/NASA Astrophysics Data System},
  adsurl        = {http://adsabs.harvard.edu/abs/2013ApJ...765L..42S},
  archiveprefix = {arXiv},
  journal       = {\apjl},
  keywords      = {instabilities, magnetic reconnection, magnetohydrodynamics: MHD, Sun: corona, Sun: flares },
  primaryclass  = {astro-ph.SR},
}

@Book{Lamb1932,
  author        = {{Lamb}, H.},
  title         = {{Hydrodynamics}},
  year          = {1932},
  __markedentry = {[mike:6]},
  adsnote       = {Provided by the SAO/NASA Astrophysics Data System},
  adsurl        = {http://adsabs.harvard.edu/abs/1932hydr.book.....L},
  booktitle     = {Hydrodynamics, New York: Dover, 1932.~ISBN 0486602567},
}

@Article{Taroyan2008,
  author        = {{Taroyan}, Y. and {Erd{\'e}lyi}, R.},
  title         = {{Global Acoustic Resonance in a Stratified Solar Atmosphere}},
  year          = {2008},
  volume        = {251},
  pages         = {523-531},
  doi           = {10.1007/s11207-008-9154-3},
  __markedentry = {[mike:6]},
  adsnote       = {Provided by the SAO/NASA Astrophysics Data System},
  adsurl        = {http://adsabs.harvard.edu/abs/2008SoPh..251..523T},
  journal       = {\solphys},
  keywords      = {Waves: Acoustic, Oscillations: Solar, Chromosphere: Models, Heating: Chromospheric},
}


@ARTICLE{Hill1976,
   author = {{Hill}, H.~A.},
    title = "{Talk on Solar Diameter Oscillations}",
  journal = {The Observatory},
 keywords = {GLOBAL MODES, DIAMETER MEASUREMENTS, OBSERVATIONS,},
     year = 1976,
    volume = 96,
    pages = {130-132},
   adsurl = {http://adsabs.harvard.edu/abs/1976Obs....96..130H},
  adsnote = {Provided by the SAO/NASA Astrophysics Data System}
}

@Article{Ireland2015,
  author        = {{Ireland}, J. and {McAteer}, R.~T.~J. and {Inglis}, A.~R.},
  title         = {{Coronal Fourier Power Spectra: Implications for Coronal Seismology and Coronal Heating}},
  journal       = {\apj},
  year          = {2015},
  volume        = {798},
  eid           = {1},
  pages         = {12},
  doi           = {10.1088/0004-637X/798/1/1},
  eprint        = {1410.2171},
  adsnote       = {Provided by the SAO/NASA Astrophysics Data System},
  adsurl        = {http://adsabs.harvard.edu/abs/2015ApJ...798....1I},
  archiveprefix = {arXiv},
  keywords      = {methods: data analysis, methods: statistical, Sun: corona, Sun: oscillations},
  primaryclass  = {astro-ph.SR},
}


@ARTICLE{Brown1978,
   author = {{Brown}, T.~M. and {Stebbins}, R.~T. and {Hill}, H.~A.},
    title = "{Long-period oscillations of the apparent solar diameter - Observations}",
  journal = {\apj},
 keywords = {Diameters, Periodic Variations, Solar Atmosphere, Solar Physics, Stellar Models, Stellar Motions, Data Processing, Error Analysis, Oscillations, Power Spectra, Radiative Transfer, Random Noise, Solar Granulation, Velocity Measurement},
     year = 1978,
   volume = 223,
    pages = {324-338},
      doi = {10.1086/156266},
   adsurl = {http://adsabs.harvard.edu/abs/1978ApJ...223..324B},
  adsnote = {Provided by the SAO/NASA Astrophysics Data System}
}

@Book{goedbloed2004,
  author    = {Goedbloed, J.P. and Poedts, S.},
  title     = {Principles of Magnetohydrodynamics: With Applications to Laboratory and Astrophysical Plasmas},
  year      = {2004},
  publisher = {Cambridge University Press},
  isbn      = {9780521626071},
  chapter   = {Waves and instabilities of inhomogeneous plasmas},
  url       = {https://books.google.co.uk/books?id=FvM6rMJob-cC},
  lccn      = {2003070010},
}

@ARTICLE{Roth2010,
   author = {{Roth}, M. and {Franz}, M. and {Bello Gonz{\'a}lez}, N. and 
	{Mart{\'{\i}}nez Pillet}, V. and {Bonet}, J.~A. and {Gandorfer}, A. and 
	{Barthol}, P. and {Solanki}, S.~K. and {Berkefeld}, T. and {Schmidt}, W. and 
	{del Toro Iniesta}, J.~C. and {Domingo}, V. and {Kn{\"o}lker}, M.
	},
    title = "{Surface Waves in Solar Granulation Observed with SUNRISE}",
  journal = {\apjl},
archivePrefix = "arXiv",
   eprint = {1009.4790},
 primaryClass = "astro-ph.SR",
 keywords = {Sun: granulation, Sun: helioseismology, Sun: photosphere, waves},
     year = 2010,
   volume = 723,
    pages = {L175-L179},
      doi = {10.1088/2041-8205/723/2/L175},
   adsurl = {http://adsabs.harvard.edu/abs/2010ApJ...723L.175R},
  adsnote = {Provided by the SAO/NASA Astrophysics Data System}
}


@article{Griffiths2017,
author = "{Griffiths}, M. and {Erd{\'e}lyi}, R. and {Fedun}, V.",
title = "{Videos of Magnetohydrodynamics Simulations of Solar Atmosphere Wave Dynamics Generated by Solar Global Oscillating Eigenmodes}",
year = "2017",
url = "https://figshare.com/articles/Videos_of_Magnetohydrodynamics_Simulations_of_Solar_Atmosphere_Wave_Dynamics_Generated_by_Solar_Global_Oscillating_Eigenmodes/4818490",
doi = "10.15131/shef.data.4818490.v1"
}

@Article{Erdelyi2017,
  author        = {{Erd{\'e}lyi}, R. and  {Zheng}, R. and {Verth}, G. and {Keys}, P.},
  title         = {{Ubiquitous concurrent intensity oscillations in the solar atmosphere detected by SDO/AIA}},
  year          = {submitted 2017},
  pages         = {25 pages},
  journal       = {\apj},
  keywords      = {Magnetohydrodynamics: MHD, Sun: Atmosphere, Sun: Corona, Sun: Oscillations, Sun: Sunspots, Waves},
}

@INPROCEEDINGS{Erdelyi2007,
   author = {{Erd{\'e}lyi}, R. and {Fedun}, V. and {Malins}, C. and {Pint{\'e}r}, B.
	},
    title = "{Trapped Eigenoscillations in the Lower Solar Atmosphere: Is there a Resonant Coupling?}",
booktitle = {The Physics of Chromospheric Plasmas},
     year = 2007,
   series = {Astronomical Society of the Pacific Conference Series},
   volume = 368,
   editor = {{Heinzel}, P. and {Dorotovi{\v c}}, I. and {Rutten}, R.~J.},
    pages = {Heinzel},
   adsurl = {http://adsabs.harvard.edu/abs/2007ASPC..368..187E},
  adsnote = {Provided by the SAO/NASA Astrophysics Data System}
}

@ARTICLE{Pinter2011,
   author = {{Pint{\'e}r}, B. and {Erd{\'e}lyi}, R.},
    title = "{Effects of Magnetic Fields in the Solar Atmosphere on Global Oscillations}",
  journal = {Space Science Review},
 keywords = {Sun, Helioseismology, Global oscillations, Solar atmosphere, Magnetic field, MHD},
     year = 2011,
   volume = 158,
    pages = {471-504},
      doi = {10.1007/s11214-011-9805-9},
   adsurl = {http://adsabs.harvard.edu/abs/2011SSRv..158..471P},
  adsnote = {Provided by the SAO/NASA Astrophysics Data System}
}


@ARTICLE{Didkovsky2013,
   author = {{Didkovsky}, L. and {Kosovichev}, A. and {Judge}, D. and {Wieman}, S. and 
	{Woods}, T.},
    title = "{Variability of Solar Five-Minute Oscillations in the Corona as Observed by the Extreme Ultraviolet Spectrophotometer (ESP) on the Solar Dynamics Observatory/Extreme Ultraviolet Variability Experiment (SDO/EVE)}",
  journal = {\solphys},
archivePrefix = "arXiv",
   eprint = {1211.0711},
 primaryClass = "astro-ph.SR",
 keywords = {Solar p-modes, Helioseismology, Solar extreme ultraviolet irradiance, Spectrophotometer},
     year = 2013,
   volume = 287,
    pages = {171-184},
      doi = {10.1007/s11207-012-0186-3},
   adsurl = {http://adsabs.harvard.edu/abs/2013SoPh..287..171D},
  adsnote = {Provided by the SAO/NASA Astrophysics Data System}
}


@ARTICLE{Didkovsky2011,
   author = {{Didkovsky}, L. and {Judge}, D. and {Kosovichev}, A.~G. and 
	{Wieman}, S. and {Woods}, T.},
    title = "{Observations of Five-minute Solar Oscillations in the Corona Using the Extreme Ultraviolet Spectrophotometer (ESP) On Board the Solar Dynamics Observatory Extreme Ultraviolet Variability Experiment (SDO/EVE)}",
  journal = {\apjl},
 keywords = {Sun: atmosphere, Sun: corona, Sun: helioseismology, Sun: oscillations, Sun: X-rays, gamma rays},
     year = 2011,
   volume = 738,
      eid = {L7},
    pages = {L7},
      doi = {10.1088/2041-8205/738/1/L7},
   adsurl = {http://adsabs.harvard.edu/abs/2011ApJ...738L...7D},
  adsnote = {Provided by the SAO/NASA Astrophysics Data System}
}




@INPROCEEDINGS{Kosovichev2016A,
   author = {{Kosovichev}, A.~G. and {Zhao}, J.},
    title = "{Reconstruction of Solar Subsurfaces by Local Helioseismology}",
 keywords = {Physics},
booktitle = {Lecture Notes in Physics, Berlin Springer Verlag},
     year = 2016,
   series = {Lecture Notes in Physics, Berlin Springer Verlag},
   volume = 914,
archivePrefix = "arXiv",
   eprint = {1607.05681},
 primaryClass = "astro-ph.SR",
   editor = {{Rozelot}, J.-P. and {Neiner}, C.},
    pages = {25},
      doi = {10.1007/978-3-319-24151-7_2},
   adsurl = {http://adsabs.harvard.edu/abs/2016LNP...914...25K},
  adsnote = {Provided by the SAO/NASA Astrophysics Data System}
}

@INPROCEEDINGS{Kosovichev2016B,
   author = {{Kosovichev}, A.~G. and {Zhao}, J.},
    title = "{Solar-Cycle Evolution of Subsurface Flows and Magnetic Field}",
booktitle = {AAS/Solar Physics Division Meeting},
     year = 2016,
   series = {AAS/Solar Physics Division Meeting},
   volume = 47,
      eid = {7.09},
    pages = {7.09},
   adsurl = {http://adsabs.harvard.edu/abs/2016SPD....47.0709K},
  adsnote = {Provided by the SAO/NASA Astrophysics Data System}
}

@ARTICLE{Bannerjee2007,
   author = {{Banerjee}, D. and {Erd{\'e}lyi}, R. and {Oliver}, R. and {O'Shea}, E.
	},
    title = "{Present and Future Observing Trends in Atmospheric Magnetoseismology}",
  journal = {\solphys},
 keywords = {Coronal loops, MHD waves, MHD oscillations},
     year = 2007,
   volume = 246,
    pages = {3-29},
      doi = {10.1007/s11207-007-9029-z},
   adsurl = {http://adsabs.harvard.edu/abs/2007SoPh..246....3B},
  adsnote = {Provided by the SAO/NASA Astrophysics Data System}
}


@ARTICLE{Mathioudakis2013,
   author = {{Mathioudakis}, M. and {Jess}, D.~B. and {Erd{\'e}lyi}, R.},
    title = "{Alfv{\'e}n Waves in the Solar Atmosphere. From Theory to Observations}",
  journal = {\ssr},
archivePrefix = "arXiv",
   eprint = {1210.3625},
 primaryClass = "astro-ph.SR",
 keywords = {Sun: Alfv{\'e}n waves, Sun: chromosphere, Sun: corona, Sun: spicules, Plasma wave heating},
     year = 2013,
   volume = 175,
    pages = {1-27},
      doi = {10.1007/s11214-012-9944-7},
   adsurl = {http://adsabs.harvard.edu/abs/2013SSRv..175....1M},
  adsnote = {Provided by the SAO/NASA Astrophysics Data System}
}

@ARTICLE{Wang2011,
   author = {{Wang}, T.},
    title = "{Standing Slow-Mode Waves in Hot Coronal Loops: Observations, Modeling, and Coronal Seismology}",
  journal = {\ssr},
archivePrefix = "arXiv",
   eprint = {1011.2483},
 primaryClass = "astro-ph.SR",
 keywords = {Solar activity, Solar corona, Coronal seismology, Coronal loops},
     year = 2011,
   volume = 158,
    pages = {397-419},
      doi = {10.1007/s11214-010-9716-1},
   adsurl = {http://adsabs.harvard.edu/abs/2011SSRv..158..397W},
  adsnote = {Provided by the SAO/NASA Astrophysics Data System}
}

@ARTICLE{Christensen-Dalsgaard2002,
   author = {{Christensen-Dalsgaard}, J.},
    title = "{Helioseismology}",
  journal = {Reviews of Modern Physics},
   eprint = {astro-ph/0207403},
 keywords = {Helioseismology pulsations and shock waves, Solar interior, Electric and magnetic fields solar magnetism, Particle emission solar wind, Solar neutrinos},
     year = 2002,
   volume = 74,
    pages = {1073-1129},
      doi = {10.1103/RevModPhys.74.1073},
   adsurl = {http://adsabs.harvard.edu/abs/2002RvMP...74.1073C},
  adsnote = {Provided by the SAO/NASA Astrophysics Data System}
}

@INPROCEEDINGS{Erdelyi2006A,
   author = {{Erd{\'e}lyi}, R.},
    title = "{Magnetic seismology of the lower solar atmosphere}",
booktitle = {Proceedings of SOHO 18/GONG 2006/HELAS I, Beyond the spherical Sun},
     year = 2006,
   series = {ESA Special Publication},
   volume = 624,
      eid = {15.1},
    pages = {15.1},
   adsurl = {http://adsabs.harvard.edu/abs/2006ESASP.624E..15E},
  adsnote = {Provided by the SAO/NASA Astrophysics Data System}
}

@ARTICLE{Erdelyi2006B,
   author = {{Erd{\'e}lyi}, R.},
    title = "{Magnetic coupling of waves and oscillations in the lower solar atmosphere: can the tail wag the dog?}",
  journal = {Philosophical Transactions of the Royal Society of London Series A},
     year = 2006,
   volume = 364,
    pages = {351-381},
      doi = {10.1098/rsta.2005.1703},
   adsurl = {http://adsabs.harvard.edu/abs/2006RSPTA.364..351E},
  adsnote = {Provided by the SAO/NASA Astrophysics Data System}
}

@ARTICLE{Thompson2006,
   author = {{Thompson}, M.~J.},
    title = "{Magnetohelioseismology}",
  journal = {Philosophical Transactions of the Royal Society of London Series A},
     year = 2006,
   volume = 364,
    pages = {297-311},
      doi = {10.1098/rsta.2005.1700},
   adsurl = {http://adsabs.harvard.edu/abs/2006RSPTA.364..297T},
  adsnote = {Provided by the SAO/NASA Astrophysics Data System}
}

@ARTICLE{DePontieu2003A,
   author = {{De Pontieu}, B. and {Tarbell}, T. and {Erd{\'e}lyi}, R.},
    title = "{Correlations on Arcsecond Scales between Chromospheric and Transition Region Emission in Active Regions}",
  journal = {\apj},
 keywords = {Magnetic Fields, Magnetohydrodynamics: MHD, Sun: Chromosphere, Sun: Transition Region, Sun: UV Radiation},
     year = 2003,
   volume = 590,
    pages = {502-518},
      doi = {10.1086/374928},
   adsurl = {http://adsabs.harvard.edu/abs/2003ApJ...590..502D},
  adsnote = {Provided by the SAO/NASA Astrophysics Data System}
}

@ARTICLE{DePontieu2003B,
   author = {{De Pontieu}, B. and {Erd{\'e}lyi}, R. and {de Wijn}, A.~G.},
    title = "{Intensity Oscillations in the Upper Transition Region above Active Region Plage}",
  journal = {\apjl},
 keywords = {Magnetic Fields, Sun: Chromosphere, Sun: Photosphere, Sun: Transition Region},
     year = 2003,
   volume = 595,
    pages = {L63-L66},
      doi = {10.1086/378843},
   adsurl = {http://adsabs.harvard.edu/abs/2003ApJ...595L..63D},
  adsnote = {Provided by the SAO/NASA Astrophysics Data System}
}

@ARTICLE{DePontieu2005,
   author = {{De Pontieu}, B. and {Erd{\'e}lyi}, R. and {De Moortel}, I.},
    title = "{How to Channel Photospheric Oscillations into the Corona}",
  journal = {\apjl},
 keywords = {Magnetic Fields, Sun: Chromosphere, Sun: Corona, Sun: Photosphere, Sun: Transition Region},
     year = 2005,
   volume = 624,
    pages = {L61-L64},
      doi = {10.1086/430345},
   adsurl = {http://adsabs.harvard.edu/abs/2005ApJ...624L..61D},
  adsnote = {Provided by the SAO/NASA Astrophysics Data System}
}

@ARTICLE{DePontieu2006,
   author = {{De Pontieu}, B. and {Erd{\'e}lyi}, R.},
    title = "{The nature of moss and lower atmospheric seismology}",
  journal = {Philosophical Transactions of the Royal Society of London Series A},
     year = 2006,
   volume = 364,
    pages = {383-394},
      doi = {10.1098/rsta.2005.1704},
   adsurl = {http://adsabs.harvard.edu/abs/2006RSPTA.364..383D},
  adsnote = {Provided by the SAO/NASA Astrophysics Data System}
}

)

@Comment{jabref-meta: databaseType:biblatex;}
